@book{h2g2,
	author = "Douglas Adams",
	title = "The Hitchhikerâ€™s Guide to the Galaxy,
	year = "1979",
	publisher = "Pan Books",
	address = "United Kingdom"
}